<?xml version="1.0" encoding="UTF-8"?><collection xmlns="http://www.loc.gov/MARC21/slim"><record><leader>00593nam--2200193-i-4500</leader><controlfield tag="001">000012552</controlfield><controlfield tag="002">20161230</controlfield><controlfield tag="005">20161230201029</controlfield><controlfield tag="008">060222s1000------------r-----000-0-eng-d</controlfield><datafield ind1=" " ind2=" " tag="040"><subfield code="a">IFIN-HH</subfield></datafield><datafield ind1=" " ind2=" " tag="080"><subfield code="a">539.142(082.1)</subfield></datafield><datafield ind1="1" ind2=" " tag="100"><subfield code="a">Robson, Donald</subfield></datafield><datafield ind1="1" ind2="0" tag="245"><subfield code="a">Nuclear analogue states</subfield><subfield code="b">Benchmark papers in nuclear physics / 1</subfield><subfield code="c">Donald benchmark, john d. fox (eds.)</subfield></datafield><datafield ind1=" " ind2=" " tag="260"><subfield code="a">Stroudsburg, Pennsylvania</subfield><subfield code="b">Dowden, Hutchinson &amp; Ross, Inc</subfield><subfield code="c">1976</subfield></datafield><datafield ind1=" " ind2=" " tag="300"><subfield code="a">381P</subfield></datafield><datafield ind1=" " ind2=" " tag="490"><subfield code="a">A Benchmark Books Series</subfield></datafield><datafield ind1="1" ind2=" " tag="700"><subfield code="a">Fox, D.John</subfield><subfield code="e">Ed</subfield></datafield><datafield ind1=" " ind2=" " tag="852"><subfield code="a">45638</subfield><subfield code="c">539</subfield></datafield><datafield ind1=" " ind2=" " tag="CAT"><subfield code="a">Sys</subfield><subfield code="c">20111011</subfield><subfield code="h">130801</subfield></datafield></record></collection>